@inproceedings{Shen:2016:TCN:2964284.2964316,
 author = {Shen, Xu and Tian, Xinmei and He, Anfeng and Sun, Shaoyan and Tao, Dacheng},
 title = {Transform-Invariant Convolutional Neural Networks for Image Classification and Search},
 booktitle = {Proceedings of the 2016 ACM on Multimedia Conference},
 series = {MM '16},
 year = {2016},
 isbn = {978-1-4503-3603-1},
 location = {Amsterdam, The Netherlands},
 pages = {1345--1354},
 numpages = {10},
 url = {http://doi.acm.org/10.1145/2964284.2964316},
 doi = {10.1145/2964284.2964316},
 acmid = {2964316},
 publisher = {ACM},
 address = {New York, NY, USA},
 keywords = {convolutional neural networks, transform invariance},
} 